% Abbreviations
%
@string{AC  = "Acta Cryst."}
@string{ACR = "Acc. Chem. Res."}
@string{ADVENZ = "Adv. Enz."}
@string{ADVIM = "Adv. Immun."}
@string{ARB = "Ann. Rev. Biochem."}
@string{ARBB = "Ann. Rev. Biophys.  Bioengineering"}
@string{ARI = "Ann. Rev. Immun."}
@string{BBA = "Biochem.. Biophys. Acta"}
@string{BBRC = "Biochem.  Biophys. Res. Comm."}
@string{BIOCH ="Biochem."}
@string{BIOES = "Bioessays"}
@string{BIOPJ = "Biophys. J."}
@string{BIOPOL = "Biopolymers"}
@string{BIOTECH = "Biotechnology"}
@string{BST = "Biochem. Soc. Trans."}
@string{CABIOS = "Comp. App. Biosci."}
@string{CB = "Current Biology"}
@string{CELL = "Cell"}
@string{CHORES = "Carbohydrate Res."}
@string{CJ = "Comp. J."}
@string{CJB = "Can. J. Biochem."}
@string{CSHQSB = "Cold Spring Harbor Quantitative Symposia Biochem."}
@string{CSHSQB = "Cold Spring Harbor Symposia Quantitative Biochem."}
@string{COSB = "Current Opinion Structural Biol."}
@string{EJB = "European J. Biochem."}
@string{EMBO = "EMBO J."}
@string{FEBS = "FEBS Letters"}
@string{IRI = "Int. Rev. Immun."}
@string{IJPPR = "Int. J. Pep. Protein Res."}
@string{IT = "Immunology Today"}
@string{JAC = "J. App. Cryst."}
@string{JACS = "J. Am. Chem. Soc."}
@string{JBC = "J. Biol. Chem."}
@string{JBSD = "J. Biomol. Struct. Dynamics"}
@string{JBIOC = "J. Biochem.."}
@string{JCAMD = "J. Comp. Aid. Mol. Des."}
@string{JCC = "J. Comp. Chem."}
@string{JCP = "J. Comp. Phys"}
@string{JEM = "J. Exp. Med."}
@string{JIMMUN = "J. Immunol."}
@string{JMB = "J. Mol. Biol."}
@string{JME = "J. Mol. Evol."}
@string{JMG = "J. Mol. Graph."}
@string{JMR = "J. Mol. Recog."}
@string{JTB = "J. Theor. Biol."}
@string{JV  = "J. Virol."}
@string{MACMOL = "Macromolecules"}
@string{METHENZ = "Meth. Enz."}
@string{MCB = "Mol. Cell. Biol."}
@string{MOLIMMUN = "Mol. Immun."}
@string{MOLPHYS = "Mol. Phys."}
@string{NAT = "Nature"}
@string{NSB = "Nature Structural Biology"}
@string{NAR = "Nuc. Ac. Res."}
@string{PAC = "Pure  App. Chemistry"}
@string{PBMB = "Prog. Biophys. Mol. Biol."}
@string{PHYSREV = "Phys. Rev."}
@string{PNAS = "Proc. Nat. Acad. Sci."}
@string{PROT = "Proteins"}
@string{PROTENG = "Prot. Eng."}
@string{PROTSCI = "Prot. Sci."}
@string{PRS = "Proc. Roy. Soc."}
@string{QRB = "Quant. Rev. Biophys."}
@string{SCI = "Science"}
@string{SCIAM = "Sci. Am."}
@string{SIAM = "J. App. Mathematics"}
@string{STRUCT = "Structure"}
@string{TIB = "Trends Biotech."}
@string{TIBS = "Trends Biochem. Sci."}
@string{VIROL = "Virol."}
@string{VIRUSES = "Viruses"}
@string{ACIEE = "Angew. Chem. Int. Ed. Eng."}
@string{IMMUNREV = "Immun. Rev."}
@string{MBM = "Mol. Biol. Med."}

@article{TitlesOn,
	AUTHOR="Anonymous"
}
@article{rb92b,
        AUTHOR="Russell, R. B. and Barton, G. J.",
        TITLE="Multiple protein sequence alignment from tertiary structure 
                    comparison:  assignment of global and residue confidence levels",
        JOURNAL=PROT,
        YEAR="1992",
        VOLUME="14",
        PAGES="309-323"
}
@article{sali90,
        AUTHOR="Sali, A. and Blundell, T. L.",
        TITLE="Definition of General Topological Equivalence in Protein Structures, A Procedure Involving Comparison of Properties and Relationships thorugh Simulated Annealing and Dynamic Programming",
        JOURNAL=JMB,
        VOLUME="212",
        PAGES="403-428",
        YEAR="1990"
}
@article{argos76,
        AUTHOR="P. Argos and M. Rossmann",
        YEAR="1976",
        JOURNAL=JMB,
        VOLUME="105",
        TITLE="Exploring Structural Homology of Proteins",
        PAGES="75--95"
}
@article{smith81,
        AUTHOR="Smith, T. F. and Waterman, M. S.",
        TITLE="Identification of Common Molecular Subsequences",
        JOURNAL=JMB,
        YEAR="1981",
        VOLUME="147",
        PAGES="195--197"
}
@article{barton93b,
        AUTHOR="Barton, G. J.",
        TITLE="An efficient algorithm to locate all locally optimal alignments",
        JOURNAL=CABIOS,
        VOLUME="9",
        PAGES="729--734",
        YEAR="1993"
}
@book{timewarps,
        EDITOR="Sankoff, D. and Kruskal, J. B.",
        TITLE="Time warps, string edits, and macromolecules: The theory and practice of sequence comparison",
        YEAR="1983",
        PUBLISHER="Addison-Wesley, Inc., Reading, Mass., USA"
}
@article{kabsch78,
        TITLE="",
        AUTHOR="Kabsch, W.",
        JOURNAL="Acta crystallographica",
        VOLUME="A34",
        PAGES="827",
        YEAR="1978"
}
@article{mclachlan79,
        AUTHOR="McLachlan, A.D.",
        TITLE="Gene duplication in the structural evolution of chymotrypsin",
        JOURNAL=JMB,
        YEAR="1979",
        VOLUME="128",
        PAGES="49--79"
}
@article{rb93b,
        AUTHOR="Russell, R. B. and Barton, G. J.",
        TITLE="An {SH2}--{SH3} domain hybrid",
        JOURNAL=NAT,
        YEAR="1993",
        VOLUME="364",
        PAGES="765"
}
@article{rb93c,
        AUTHOR="Russell, R. B. and Barton, G. J.",
        TITLE="The limits of protein secondary structure prediction accuracy from multiple sequence alignment",
        JOURNAL=JMB,
        VOLUME="234",
        PAGES="951--957",
        YEAR="1993"
}
@article{rb94,
        TITLE="Structural features can be unconserved in proteins with similar folds: {A}n analysis of side--chain to side--chain contacts, secondary structure and accessibilty",
        AUTHOR="Russell, R. B. and Barton, G. J.",
        JOURNAL=JMB,
        VOLUME="244",
        PAGES="332-350",
        YEAR="1994"
}
@article{russell94,
        TITLE="Domain Insertion",
        AUTHOR="Russell, R. B.",
        JOURNAL=PROTENG,
        VOLUME="7",
        PAGES="1407--1410",
        YEAR="1994"
}
@article{matthews94,
        AUTHOR="Matthews, S. and Barlow, P. and Boyd, J. and Barton, G. and Russell, R. and Mills, H. and Cunningham, M.
and Meyers, N. and Burns, N. and Clark, N. and Kingsman, S. and Kingsman, A. and Campbell, I.",
        TITLE="Structural similarity between the p17 matrix protein of {HIV}--1 and interferon--{$\gamma$}",
        JOURNAL=NAT,
        VOLUME="370",
        PAGES="666--668",
        YEAR="1994"
}
@article{taylor86a,
        AUTHOR="Taylor, W. R.",
        YEAR="1986",
        JOURNAL=JTB,
        VOLUME="119",
        PAGES="205--218",
        TITLE="Classification of Amino Acid Conservation"
}
@article{molscript,
        AUTHOR="Kraulis, P. J.",
        TITLE="MOLSCRIPT: a program to produce both detailed and schematic plots of protein structures",
        JOURNAL="J. App. Cryst.",
        VOLUME="24",
        PAGES="964--950",
        YEAR="1991"
}
@article{dssp,
        AUTHOR="Kabsch, W. and Sander, C.",
        TITLE="A dictionary of protein secondary structure",
        JOURNAL=BIOPOL,
        YEAR="1983",
        VOLUME="22",
        PAGES="2577--2637"
}
@article{barton93a,
        AUTHOR="Barton, G. J.",
        TITLE="ALSCRIPT:  A tool to format multiple sequence alignments",
        JOURNAL=PROTENG,
        YEAR="1993",
        VOLUME="6",
        PAGES="37--40"
}
@article{russell97a,
        TITLE="Two new examples of protein structural similarities within the structure-function twighlight zone",
        AUTHOR="Russell, R. B. and Sternberg, M. J. E.",
        JOURNAL=PROTENG,
        VOLUME="10",
        PAGES="333--338",
        YEAR="1997"
}
@article{russell97b,
        TITLE="Recognition of analogous and homologous protein folds: Analysis of sequence and structure conservation",
        AUTHOR="Russell, R. B. and Saqi, M. A. and Sayle, R. A. and Bates, P. A. and Sternberg, M. J. E.",
        JOURNAL=JMB,
        VOLUME="269",
        PAGES="423--439",
        YEAR="1997"
}
@article{sternberg95,
        TITLE="Towards and Intelligent System for the Automatic Assignment of Domains in Globular Proteins",
        AUTHOR="Sternberg, M. J. E. and Hegyi, H. and Islam, S. A. and Luo, J. and Russell, R. B.",
        JOURNAL="Proceedings of the 3rd Annual Conference on Intelligent Systems for Molecular Biology",
        VOLUME="",
        PAGES="376--383",
        YEAR="1995"
}
@article{rcb95a,
        TITLE="Protein fold recognition from secondary structure assignments",
        AUTHOR="Russell, R. B. and Copley, R. R. and Barton, G. J.",
        JOURNAL="Proc. 28th Hawaii. Int. Conf. Sys. Sci. IEEE Press",
        VOLUME="5",
        PAGES="302-311",
        YEAR="1995"
}
@article{rcb96,
        TITLE="Protein fold recognition by mapping predicted secondary structures",
        AUTHOR="Russell, R. B. and Copley, R. R. and Barton, G. J.",
        JOURNAL=JMB,
        VOLUME="259",
        PAGES="349-365",
        YEAR="1996"
}
@article{russell96,
        TITLE="A novel binding site in catalase is suggested by similarity to the calycin superfamily",
        AUTHOR="Russell, R. B. and Sternberg, M. J. E.",
        JOURNAL=PROTENG,
        VOLUME="9",
        PAGES="107-111",
        YEAR="1996"
}
@article{russell98a,
	TITLE="Recognition of homologous and analogous protein folds: assessment of  prediction success and associated alignment accuracy using empirical substitution matrices",
	AUTHOR = "Russell, R. B. and Saqi, M. A. S. and Bates, P. A. and Sayle, R. A. and Sternberg, M. J. E.",
	JOURNAL = PROTENG,
	VOLUME = "11",
	PAGES = "1--9",
	YEAR = "1998"
}
@article{russell98b,
	TITLE = "Supersites Within Superfolds. Binding Site Similarity in the Absence
of Homology.",
	AUTHOR = "Russell, R. B. and Sasieni, P. D. and Sternberg, M. J. E.",
	JOURNAL = JMB,
	VOLUME = "282",
	PAGES = "903--918",
	YEAR = "1998"
}
@article{saqi98, 
	TITLE = "Misleading local sequence alignments: implications for comparative protein modelling",
	AUTHOR = "Saqi, M. A. S. and Russell, R. B. and Sternberg, M. J. E. ",
	JOURNAL = PROTENG,
	VOLUME = "11",
	PAGES = "627--630",
	YEAR = "1998"
}
@article{siddiqui95,
	TITLE   = "Continuous and discontinuous domains: an algorithm for the automatic generation of reliable protein domain definitions",
	AUTHOR  = "Siddiqui, A. S. and Barton, G. J.",
	JOURNAL = PROTSCI,
	VOLUME  = "4",
	PAGES   = "872--874",
	YEAR    = "1995"
}
@article{murzin93,
	TITLE = "Sweet-tasting protein Monellin is related to the cystatin family of thiol proteinase inhibitors",
	AUTHOR = "Murzin, A. G.",
	JOURNAL = JMB,
	VOLUME = "230",
	PAGES = "689--694",
	YEAR = "1993"
}
